%YAML 1.1
%TAG !u! tag:unity3d.com,2011:
--- !u!29 &1
OcclusionCullingSettings:
  m_ObjectHideFlags: 0
  serializedVersion: 2
  m_OcclusionBakeSettings:
    smallestOccluder: 5
    smallestHole: 0.25
    backfaceThreshold: 100
  m_SceneGUID: 00000000000000000000000000000000
  m_OcclusionCullingData: {fileID: 0}
--- !u!104 &2
RenderSettings:
  m_ObjectHideFlags: 0
  serializedVersion: 9
  m_Fog: 0
  m_FogColor: {r: 0.5, g: 0.5, b: 0.5, a: 1}
  m_FogMode: 3
  m_FogDensity: 0.01
  m_LinearFogStart: 0
  m_LinearFogEnd: 300
  m_AmbientSkyColor: {r: 0.212, g: 0.227, b: 0.259, a: 1}
  m_AmbientEquatorColor: {r: 0.114, g: 0.125, b: 0.133, a: 1}
  m_AmbientGroundColor: {r: 0.047, g: 0.043, b: 0.035, a: 1}
  m_AmbientIntensity: 1
  m_AmbientMode: 0
  m_SubtractiveShadowColor: {r: 0.42, g: 0.478, b: 0.627, a: 1}
  m_SkyboxMaterial: {fileID: 10304, guid: 0000000000000000f000000000000000, type: 0}
  m_HaloStrength: 0.5
  m_FlareStrength: 1
  m_FlareFadeSpeed: 3
  m_HaloTexture: {fileID: 0}
  m_SpotCookie: {fileID: 10001, guid: 0000000000000000e000000000000000, type: 0}
  m_DefaultReflectionMode: 0
  m_DefaultReflectionResolution: 128
  m_ReflectionBounces: 1
  m_ReflectionIntensity: 1
  m_CustomReflection: {fileID: 0}
  m_Sun: {fileID: 705507994}
  m_IndirectSpecularColor: {r: 0.18028468, g: 0.22571498, b: 0.30692357, a: 1}
  m_UseRadianceAmbientProbe: 0
--- !u!157 &3
LightmapSettings:
  m_ObjectHideFlags: 0
  serializedVersion: 12
  m_GIWorkflowMode: 1
  m_GISettings:
    serializedVersion: 2
    m_BounceScale: 1
    m_IndirectOutputScale: 1
    m_AlbedoBoost: 1
    m_EnvironmentLightingMode: 0
    m_EnableBakedLightmaps: 1
    m_EnableRealtimeLightmaps: 0
  m_LightmapEditorSettings:
    serializedVersion: 12
    m_Resolution: 2
    m_BakeResolution: 40
    m_AtlasSize: 1024
    m_AO: 0
    m_AOMaxDistance: 1
    m_CompAOExponent: 1
    m_CompAOExponentDirect: 0
    m_ExtractAmbientOcclusion: 0
    m_Padding: 2
    m_LightmapParameters: {fileID: 0}
    m_LightmapsBakeMode: 1
    m_TextureCompression: 1
    m_FinalGather: 0
    m_FinalGatherFiltering: 1
    m_FinalGatherRayCount: 256
    m_ReflectionCompression: 2
    m_MixedBakeMode: 2
    m_BakeBackend: 1
    m_PVRSampling: 1
    m_PVRDirectSampleCount: 32
    m_PVRSampleCount: 500
    m_PVRBounces: 2
    m_PVREnvironmentSampleCount: 500
    m_PVREnvironmentReferencePointCount: 2048
    m_PVRFilteringMode: 2
    m_PVRDenoiserTypeDirect: 0
    m_PVRDenoiserTypeIndirect: 0
    m_PVRDenoiserTypeAO: 0
    m_PVRFilterTypeDirect: 0
    m_PVRFilterTypeIndirect: 0
    m_PVRFilterTypeAO: 0
    m_PVREnvironmentMIS: 0
    m_PVRCulling: 1
    m_PVRFilteringGaussRadiusDirect: 1
    m_PVRFilteringGaussRadiusIndirect: 5
    m_PVRFilteringGaussRadiusAO: 2
    m_PVRFilteringAtrousPositionSigmaDirect: 0.5
    m_PVRFilteringAtrousPositionSigmaIndirect: 2
    m_PVRFilteringAtrousPositionSigmaAO: 1
    m_ExportTrainingData: 0
    m_TrainingDataDestination: TrainingData
    m_LightProbeSampleCountMultiplier: 4
  m_LightingDataAsset: {fileID: 0}
  m_LightingSettings: {fileID: 0}
--- !u!196 &4
NavMeshSettings:
  serializedVersion: 2
  m_ObjectHideFlags: 0
  m_BuildSettings:
    serializedVersion: 3
    agentTypeID: 0
    agentRadius: 0.5
    agentHeight: 2
    agentSlope: 45
    agentClimb: 0.4
    ledgeDropHeight: 0
    maxJumpAcrossDistance: 0
    minRegionArea: 2
    manualCellSize: 0
    cellSize: 0.16666667
    manualTileSize: 0
    tileSize: 256
    buildHeightMesh: 0
    maxJobWorkers: 0
    preserveTilesOutsideBounds: 0
    debug:
      m_Flags: 0
  m_NavMeshData: {fileID: 0}
--- !u!4 &5781608 stripped
Transform:
  m_CorrespondingSourceObject: {fileID: 3190245269156978977, guid: f9e735ffee3eb334aab7555fcdb6c47c, type: 3}
  m_PrefabInstance: {fileID: 879234778}
  m_PrefabAsset: {fileID: 0}
--- !u!1001 &210274792
PrefabInstance:
  m_ObjectHideFlags: 0
  serializedVersion: 2
  m_Modification:
    serializedVersion: 3
    m_TransformParent: {fileID: 0}
    m_Modifications:
    - target: {fileID: 2511351672443115555, guid: 999b0f951108f0b4b971040651ca6583, type: 3}
      propertyPath: m_Name
      value: FakeClient
      objectReference: {fileID: 0}
    - target: {fileID: 6047308246856873001, guid: 999b0f951108f0b4b971040651ca6583, type: 3}
      propertyPath: m_RootOrder
      value: 4
      objectReference: {fileID: 0}
    - target: {fileID: 6047308246856873001, guid: 999b0f951108f0b4b971040651ca6583, type: 3}
      propertyPath: m_LocalPosition.x
      value: 0
      objectReference: {fileID: 0}
    - target: {fileID: 6047308246856873001, guid: 999b0f951108f0b4b971040651ca6583, type: 3}
      propertyPath: m_LocalPosition.y
      value: 0
      objectReference: {fileID: 0}
    - target: {fileID: 6047308246856873001, guid: 999b0f951108f0b4b971040651ca6583, type: 3}
      propertyPath: m_LocalPosition.z
      value: 0
      objectReference: {fileID: 0}
    - target: {fileID: 6047308246856873001, guid: 999b0f951108f0b4b971040651ca6583, type: 3}
      propertyPath: m_LocalRotation.w
      value: 1
      objectReference: {fileID: 0}
    - target: {fileID: 6047308246856873001, guid: 999b0f951108f0b4b971040651ca6583, type: 3}
      propertyPath: m_LocalRotation.x
      value: 0
      objectReference: {fileID: 0}
    - target: {fileID: 6047308246856873001, guid: 999b0f951108f0b4b971040651ca6583, type: 3}
      propertyPath: m_LocalRotation.y
      value: 0
      objectReference: {fileID: 0}
    - target: {fileID: 6047308246856873001, guid: 999b0f951108f0b4b971040651ca6583, type: 3}
      propertyPath: m_LocalRotation.z
      value: 0
      objectReference: {fileID: 0}
    - target: {fileID: 6047308246856873001, guid: 999b0f951108f0b4b971040651ca6583, type: 3}
      propertyPath: m_LocalEulerAnglesHint.x
      value: 0
      objectReference: {fileID: 0}
    - target: {fileID: 6047308246856873001, guid: 999b0f951108f0b4b971040651ca6583, type: 3}
      propertyPath: m_LocalEulerAnglesHint.y
      value: 0
      objectReference: {fileID: 0}
    - target: {fileID: 6047308246856873001, guid: 999b0f951108f0b4b971040651ca6583, type: 3}
      propertyPath: m_LocalEulerAnglesHint.z
      value: 0
      objectReference: {fileID: 0}
    m_RemovedComponents: []
    m_RemovedGameObjects: []
    m_AddedGameObjects: []
    m_AddedComponents: []
  m_SourcePrefab: {fileID: 100100000, guid: 999b0f951108f0b4b971040651ca6583, type: 3}
--- !u!1001 &399882188
PrefabInstance:
  m_ObjectHideFlags: 0
  serializedVersion: 2
  m_Modification:
    serializedVersion: 3
    m_TransformParent: {fileID: 1073574801}
    m_Modifications:
    - target: {fileID: 3190245269156978977, guid: f9e735ffee3eb334aab7555fcdb6c47c, type: 3}
      propertyPath: m_RootOrder
      value: -1
      objectReference: {fileID: 0}
    - target: {fileID: 3190245269156978977, guid: f9e735ffee3eb334aab7555fcdb6c47c, type: 3}
      propertyPath: m_LocalScale.x
      value: 1
      objectReference: {fileID: 0}
    - target: {fileID: 3190245269156978977, guid: f9e735ffee3eb334aab7555fcdb6c47c, type: 3}
      propertyPath: m_LocalScale.z
      value: 1
      objectReference: {fileID: 0}
    - target: {fileID: 3190245269156978977, guid: f9e735ffee3eb334aab7555fcdb6c47c, type: 3}
      propertyPath: m_LocalPosition.x
      value: -498.027
      objectReference: {fileID: 0}
    - target: {fileID: 3190245269156978977, guid: f9e735ffee3eb334aab7555fcdb6c47c, type: 3}
      propertyPath: m_LocalPosition.y
      value: 492.00504
      objectReference: {fileID: 0}
    - target: {fileID: 3190245269156978977, guid: f9e735ffee3eb334aab7555fcdb6c47c, type: 3}
      propertyPath: m_LocalPosition.z
      value: 2723.993
      objectReference: {fileID: 0}
    - target: {fileID: 3190245269156978977, guid: f9e735ffee3eb334aab7555fcdb6c47c, type: 3}
      propertyPath: m_LocalRotation.w
      value: -0.96579653
      objectReference: {fileID: 0}
    - target: {fileID: 3190245269156978977, guid: f9e735ffee3eb334aab7555fcdb6c47c, type: 3}
      propertyPath: m_LocalRotation.x
      value: 0.01007274
      objectReference: {fileID: 0}
    - target: {fileID: 3190245269156978977, guid: f9e735ffee3eb334aab7555fcdb6c47c, type: 3}
      propertyPath: m_LocalRotation.y
      value: -0.25871766
      objectReference: {fileID: 0}
    - target: {fileID: 3190245269156978977, guid: f9e735ffee3eb334aab7555fcdb6c47c, type: 3}
      propertyPath: m_LocalRotation.z
      value: 0.014171638
      objectReference: {fileID: 0}
    - target: {fileID: 3190245269156978977, guid: f9e735ffee3eb334aab7555fcdb6c47c, type: 3}
      propertyPath: m_LocalEulerAnglesHint.x
      value: -0.695
      objectReference: {fileID: 0}
    - target: {fileID: 3190245269156978977, guid: f9e735ffee3eb334aab7555fcdb6c47c, type: 3}
      propertyPath: m_LocalEulerAnglesHint.y
      value: -329.996
      objectReference: {fileID: 0}
    - target: {fileID: 3190245269156978977, guid: f9e735ffee3eb334aab7555fcdb6c47c, type: 3}
      propertyPath: m_LocalEulerAnglesHint.z
      value: -1.867
      objectReference: {fileID: 0}
    - target: {fileID: 3899283617004651634, guid: f9e735ffee3eb334aab7555fcdb6c47c, type: 3}
      propertyPath: m_Name
      value: 1_004
      objectReference: {fileID: 0}
    - target: {fileID: 4792660477147491240, guid: f9e735ffee3eb334aab7555fcdb6c47c, type: 3}
      propertyPath: m_RootOrder
      value: 0
      objectReference: {fileID: 0}
    - target: {fileID: 4792660477147491240, guid: f9e735ffee3eb334aab7555fcdb6c47c, type: 3}
      propertyPath: m_LocalPosition.x
      value: 0
      objectReference: {fileID: 0}
    - target: {fileID: 4792660477147491240, guid: f9e735ffee3eb334aab7555fcdb6c47c, type: 3}
      propertyPath: m_LocalPosition.z
      value: 0
      objectReference: {fileID: 0}
    - target: {fileID: 4792660477147491240, guid: f9e735ffee3eb334aab7555fcdb6c47c, type: 3}
      propertyPath: m_LocalEulerAnglesHint.y
      value: 0
      objectReference: {fileID: 0}
    - target: {fileID: 6544378235478311217, guid: f9e735ffee3eb334aab7555fcdb6c47c, type: 3}
      propertyPath: m_Materials.Array.data[0]
      value: 
      objectReference: {fileID: 2100000, guid: 4e9813d6adcbc5240af13bbc79eea4c8, type: 2}
    m_RemovedComponents: []
    m_RemovedGameObjects:
    - {fileID: 6747282392823810713, guid: f9e735ffee3eb334aab7555fcdb6c47c, type: 3}
    m_AddedGameObjects: []
    m_AddedComponents: []
  m_SourcePrefab: {fileID: 100100000, guid: f9e735ffee3eb334aab7555fcdb6c47c, type: 3}
--- !u!4 &399882189 stripped
Transform:
  m_CorrespondingSourceObject: {fileID: 3190245269156978977, guid: f9e735ffee3eb334aab7555fcdb6c47c, type: 3}
  m_PrefabInstance: {fileID: 399882188}
  m_PrefabAsset: {fileID: 0}
--- !u!1001 &435716814
PrefabInstance:
  m_ObjectHideFlags: 0
  serializedVersion: 2
  m_Modification:
    serializedVersion: 3
    m_TransformParent: {fileID: 1073574801}
    m_Modifications:
    - target: {fileID: 3190245269156978977, guid: f9e735ffee3eb334aab7555fcdb6c47c, type: 3}
      propertyPath: m_RootOrder
      value: -1
      objectReference: {fileID: 0}
    - target: {fileID: 3190245269156978977, guid: f9e735ffee3eb334aab7555fcdb6c47c, type: 3}
      propertyPath: m_LocalScale.x
      value: 1
      objectReference: {fileID: 0}
    - target: {fileID: 3190245269156978977, guid: f9e735ffee3eb334aab7555fcdb6c47c, type: 3}
      propertyPath: m_LocalScale.z
      value: 1
      objectReference: {fileID: 0}
    - target: {fileID: 3190245269156978977, guid: f9e735ffee3eb334aab7555fcdb6c47c, type: 3}
      propertyPath: m_LocalPosition.x
      value: -8240.749
      objectReference: {fileID: 0}
    - target: {fileID: 3190245269156978977, guid: f9e735ffee3eb334aab7555fcdb6c47c, type: 3}
      propertyPath: m_LocalPosition.y
      value: 2235.2693
      objectReference: {fileID: 0}
    - target: {fileID: 3190245269156978977, guid: f9e735ffee3eb334aab7555fcdb6c47c, type: 3}
      propertyPath: m_LocalPosition.z
      value: -937.688
      objectReference: {fileID: 0}
    - target: {fileID: 3190245269156978977, guid: f9e735ffee3eb334aab7555fcdb6c47c, type: 3}
      propertyPath: m_LocalRotation.w
      value: -0.994255
      objectReference: {fileID: 0}
    - target: {fileID: 3190245269156978977, guid: f9e735ffee3eb334aab7555fcdb6c47c, type: 3}
      propertyPath: m_LocalRotation.x
      value: 0.10228325
      objectReference: {fileID: 0}
    - target: {fileID: 3190245269156978977, guid: f9e735ffee3eb334aab7555fcdb6c47c, type: 3}
      propertyPath: m_LocalRotation.y
      value: 0.031253666
      objectReference: {fileID: 0}
    - target: {fileID: 3190245269156978977, guid: f9e735ffee3eb334aab7555fcdb6c47c, type: 3}
      propertyPath: m_LocalRotation.z
      value: 0.004292371
      objectReference: {fileID: 0}
    - target: {fileID: 3190245269156978977, guid: f9e735ffee3eb334aab7555fcdb6c47c, type: 3}
      propertyPath: m_LocalEulerAnglesHint.x
      value: -11.751
      objectReference: {fileID: 0}
    - target: {fileID: 3190245269156978977, guid: f9e735ffee3eb334aab7555fcdb6c47c, type: 3}
      propertyPath: m_LocalEulerAnglesHint.y
      value: -363.588
      objectReference: {fileID: 0}
    - target: {fileID: 3190245269156978977, guid: f9e735ffee3eb334aab7555fcdb6c47c, type: 3}
      propertyPath: m_LocalEulerAnglesHint.z
      value: -0.125
      objectReference: {fileID: 0}
    - target: {fileID: 3899283617004651634, guid: f9e735ffee3eb334aab7555fcdb6c47c, type: 3}
      propertyPath: m_Name
      value: 2_001
      objectReference: {fileID: 0}
    - target: {fileID: 4792660477147491240, guid: f9e735ffee3eb334aab7555fcdb6c47c, type: 3}
      propertyPath: m_RootOrder
      value: 0
      objectReference: {fileID: 0}
    - target: {fileID: 4792660477147491240, guid: f9e735ffee3eb334aab7555fcdb6c47c, type: 3}
      propertyPath: m_LocalPosition.x
      value: 0
      objectReference: {fileID: 0}
    - target: {fileID: 4792660477147491240, guid: f9e735ffee3eb334aab7555fcdb6c47c, type: 3}
      propertyPath: m_LocalPosition.z
      value: 0
      objectReference: {fileID: 0}
    - target: {fileID: 4792660477147491240, guid: f9e735ffee3eb334aab7555fcdb6c47c, type: 3}
      propertyPath: m_LocalEulerAnglesHint.y
      value: 0
      objectReference: {fileID: 0}
    - target: {fileID: 6544378235478311217, guid: f9e735ffee3eb334aab7555fcdb6c47c, type: 3}
      propertyPath: m_Materials.Array.data[0]
      value: 
      objectReference: {fileID: 2100000, guid: 4e9813d6adcbc5240af13bbc79eea4c8, type: 2}
    m_RemovedComponents: []
    m_RemovedGameObjects:
    - {fileID: 6747282392823810713, guid: f9e735ffee3eb334aab7555fcdb6c47c, type: 3}
    m_AddedGameObjects: []
    m_AddedComponents: []
  m_SourcePrefab: {fileID: 100100000, guid: f9e735ffee3eb334aab7555fcdb6c47c, type: 3}
--- !u!4 &435716815 stripped
Transform:
  m_CorrespondingSourceObject: {fileID: 3190245269156978977, guid: f9e735ffee3eb334aab7555fcdb6c47c, type: 3}
  m_PrefabInstance: {fileID: 435716814}
  m_PrefabAsset: {fileID: 0}
--- !u!1 &605582871
GameObject:
  m_ObjectHideFlags: 0
  m_CorrespondingSourceObject: {fileID: 0}
  m_PrefabInstance: {fileID: 0}
  m_PrefabAsset: {fileID: 0}
  serializedVersion: 6
  m_Component:
  - component: {fileID: 605582875}
  - component: {fileID: 605582874}
  - component: {fileID: 605582873}
  - component: {fileID: 605582872}
  m_Layer: 0
  m_Name: EventSystem
  m_TagString: Untagged
  m_Icon: {fileID: 0}
  m_NavMeshLayer: 0
  m_StaticEditorFlags: 0
  m_IsActive: 1
--- !u!114 &605582872
MonoBehaviour:
  m_ObjectHideFlags: 0
  m_CorrespondingSourceObject: {fileID: 0}
  m_PrefabInstance: {fileID: 0}
  m_PrefabAsset: {fileID: 0}
  m_GameObject: {fileID: 605582871}
  m_Enabled: 1
  m_EditorHideFlags: 0
  m_Script: {fileID: 11500000, guid: 8f1a9a1d119a5944aacfb87d1ec283a2, type: 3}
  m_Name: 
  m_EditorClassIdentifier: 
  m_SendPointerHoverToParent: 1
  rayTransform: {fileID: 0}
  m_Cursor: {fileID: 0}
  joyPadClickButton: 1
  gazeClickKey: 32
  performSphereCastForGazepointer: 0
  useRightStickScroll: 1
  rightStickDeadZone: 0.15
  useSwipeScroll: 1
  swipeDragThreshold: 2
  swipeDragScale: 1
  InvertSwipeXAxis: 0
  angleDragThreshold: 1
  m_SpherecastRadius: 1
  m_HorizontalAxis: Horizontal
  m_VerticalAxis: Vertical
  m_SubmitButton: Submit
  m_CancelButton: Cancel
  m_InputActionsPerSecond: 10
  m_AllowActivationOnMobileDevice: 1
--- !u!114 &605582873
MonoBehaviour:
  m_ObjectHideFlags: 0
  m_CorrespondingSourceObject: {fileID: 0}
  m_PrefabInstance: {fileID: 0}
  m_PrefabAsset: {fileID: 0}
  m_GameObject: {fileID: 605582871}
  m_Enabled: 1
  m_EditorHideFlags: 0
  m_Script: {fileID: 11500000, guid: 4f231c4fb786f3946a6b90b886c48677, type: 3}
  m_Name: 
  m_EditorClassIdentifier: 
  m_SendPointerHoverToParent: 1
  m_HorizontalAxis: Horizontal
  m_VerticalAxis: Vertical
  m_SubmitButton: Submit
  m_CancelButton: Cancel
  m_InputActionsPerSecond: 10
  m_RepeatDelay: 0.5
  m_ForceModuleActive: 0
--- !u!114 &605582874
MonoBehaviour:
  m_ObjectHideFlags: 0
  m_CorrespondingSourceObject: {fileID: 0}
  m_PrefabInstance: {fileID: 0}
  m_PrefabAsset: {fileID: 0}
  m_GameObject: {fileID: 605582871}
  m_Enabled: 1
  m_EditorHideFlags: 0
  m_Script: {fileID: 11500000, guid: 76c392e42b5098c458856cdf6ecaaaa1, type: 3}
  m_Name: 
  m_EditorClassIdentifier: 
  m_FirstSelected: {fileID: 0}
  m_sendNavigationEvents: 1
  m_DragThreshold: 10
--- !u!4 &605582875
Transform:
  m_ObjectHideFlags: 0
  m_CorrespondingSourceObject: {fileID: 0}
  m_PrefabInstance: {fileID: 0}
  m_PrefabAsset: {fileID: 0}
  m_GameObject: {fileID: 605582871}
  serializedVersion: 2
  m_LocalRotation: {x: 0, y: 0, z: 0, w: 1}
  m_LocalPosition: {x: 0, y: 0, z: 0}
  m_LocalScale: {x: 1, y: 1, z: 1}
  m_ConstrainProportionsScale: 0
  m_Children: []
  m_Father: {fileID: 0}
  m_LocalEulerAnglesHint: {x: 0, y: 0, z: 0}
--- !u!1001 &611810374
PrefabInstance:
  m_ObjectHideFlags: 0
  serializedVersion: 2
  m_Modification:
    serializedVersion: 3
    m_TransformParent: {fileID: 1073574801}
    m_Modifications:
    - target: {fileID: 3190245269156978977, guid: f9e735ffee3eb334aab7555fcdb6c47c, type: 3}
      propertyPath: m_RootOrder
      value: -1
      objectReference: {fileID: 0}
    - target: {fileID: 3190245269156978977, guid: f9e735ffee3eb334aab7555fcdb6c47c, type: 3}
      propertyPath: m_LocalScale.x
      value: 1
      objectReference: {fileID: 0}
    - target: {fileID: 3190245269156978977, guid: f9e735ffee3eb334aab7555fcdb6c47c, type: 3}
      propertyPath: m_LocalScale.z
      value: 1
      objectReference: {fileID: 0}
    - target: {fileID: 3190245269156978977, guid: f9e735ffee3eb334aab7555fcdb6c47c, type: 3}
      propertyPath: m_LocalPosition.x
      value: 4583
      objectReference: {fileID: 0}
    - target: {fileID: 3190245269156978977, guid: f9e735ffee3eb334aab7555fcdb6c47c, type: 3}
      propertyPath: m_LocalPosition.y
      value: 2207
      objectReference: {fileID: 0}
    - target: {fileID: 3190245269156978977, guid: f9e735ffee3eb334aab7555fcdb6c47c, type: 3}
      propertyPath: m_LocalPosition.z
      value: -127
      objectReference: {fileID: 0}
    - target: {fileID: 3190245269156978977, guid: f9e735ffee3eb334aab7555fcdb6c47c, type: 3}
      propertyPath: m_LocalRotation.w
      value: -0.994255
      objectReference: {fileID: 0}
    - target: {fileID: 3190245269156978977, guid: f9e735ffee3eb334aab7555fcdb6c47c, type: 3}
      propertyPath: m_LocalRotation.x
      value: 0.10228325
      objectReference: {fileID: 0}
    - target: {fileID: 3190245269156978977, guid: f9e735ffee3eb334aab7555fcdb6c47c, type: 3}
      propertyPath: m_LocalRotation.y
      value: 0.031253666
      objectReference: {fileID: 0}
    - target: {fileID: 3190245269156978977, guid: f9e735ffee3eb334aab7555fcdb6c47c, type: 3}
      propertyPath: m_LocalRotation.z
      value: 0.004292371
      objectReference: {fileID: 0}
    - target: {fileID: 3190245269156978977, guid: f9e735ffee3eb334aab7555fcdb6c47c, type: 3}
      propertyPath: m_LocalEulerAnglesHint.x
      value: -11.751
      objectReference: {fileID: 0}
    - target: {fileID: 3190245269156978977, guid: f9e735ffee3eb334aab7555fcdb6c47c, type: 3}
      propertyPath: m_LocalEulerAnglesHint.y
      value: -363.588
      objectReference: {fileID: 0}
    - target: {fileID: 3190245269156978977, guid: f9e735ffee3eb334aab7555fcdb6c47c, type: 3}
      propertyPath: m_LocalEulerAnglesHint.z
      value: -0.125
      objectReference: {fileID: 0}
    - target: {fileID: 3899283617004651634, guid: f9e735ffee3eb334aab7555fcdb6c47c, type: 3}
      propertyPath: m_Name
      value: 2_002
      objectReference: {fileID: 0}
    - target: {fileID: 4792660477147491240, guid: f9e735ffee3eb334aab7555fcdb6c47c, type: 3}
      propertyPath: m_RootOrder
      value: 0
      objectReference: {fileID: 0}
    - target: {fileID: 4792660477147491240, guid: f9e735ffee3eb334aab7555fcdb6c47c, type: 3}
      propertyPath: m_LocalPosition.x
      value: 0
      objectReference: {fileID: 0}
    - target: {fileID: 4792660477147491240, guid: f9e735ffee3eb334aab7555fcdb6c47c, type: 3}
      propertyPath: m_LocalPosition.z
      value: 0
      objectReference: {fileID: 0}
    - target: {fileID: 4792660477147491240, guid: f9e735ffee3eb334aab7555fcdb6c47c, type: 3}
      propertyPath: m_LocalEulerAnglesHint.y
      value: 0
      objectReference: {fileID: 0}
    - target: {fileID: 6544378235478311217, guid: f9e735ffee3eb334aab7555fcdb6c47c, type: 3}
      propertyPath: m_Materials.Array.data[0]
      value: 
      objectReference: {fileID: 2100000, guid: 4e9813d6adcbc5240af13bbc79eea4c8, type: 2}
    m_RemovedComponents: []
    m_RemovedGameObjects:
    - {fileID: 6747282392823810713, guid: f9e735ffee3eb334aab7555fcdb6c47c, type: 3}
    m_AddedGameObjects: []
    m_AddedComponents: []
  m_SourcePrefab: {fileID: 100100000, guid: f9e735ffee3eb334aab7555fcdb6c47c, type: 3}
--- !u!4 &611810375 stripped
Transform:
  m_CorrespondingSourceObject: {fileID: 3190245269156978977, guid: f9e735ffee3eb334aab7555fcdb6c47c, type: 3}
  m_PrefabInstance: {fileID: 611810374}
  m_PrefabAsset: {fileID: 0}
--- !u!1 &705507993
GameObject:
  m_ObjectHideFlags: 0
  m_CorrespondingSourceObject: {fileID: 0}
  m_PrefabInstance: {fileID: 0}
  m_PrefabAsset: {fileID: 0}
  serializedVersion: 6
  m_Component:
  - component: {fileID: 705507995}
  - component: {fileID: 705507994}
  - component: {fileID: 705507996}
  m_Layer: 0
  m_Name: Directional Light
  m_TagString: Untagged
  m_Icon: {fileID: 0}
  m_NavMeshLayer: 0
  m_StaticEditorFlags: 0
  m_IsActive: 1
--- !u!108 &705507994
Light:
  m_ObjectHideFlags: 0
  m_CorrespondingSourceObject: {fileID: 0}
  m_PrefabInstance: {fileID: 0}
  m_PrefabAsset: {fileID: 0}
  m_GameObject: {fileID: 705507993}
  m_Enabled: 1
  serializedVersion: 10
  m_Type: 1
  m_Shape: 0
  m_Color: {r: 1, g: 1, b: 1, a: 1}
  m_Intensity: 1
  m_Range: 10
  m_SpotAngle: 30
  m_InnerSpotAngle: 21.80208
  m_CookieSize: 10
  m_Shadows:
    m_Type: 2
    m_Resolution: -1
    m_CustomResolution: -1
    m_Strength: 1
    m_Bias: 0.05
    m_NormalBias: 0.4
    m_NearPlane: 0.2
    m_CullingMatrixOverride:
      e00: 1
      e01: 0
      e02: 0
      e03: 0
      e10: 0
      e11: 1
      e12: 0
      e13: 0
      e20: 0
      e21: 0
      e22: 1
      e23: 0
      e30: 0
      e31: 0
      e32: 0
      e33: 1
    m_UseCullingMatrixOverride: 0
  m_Cookie: {fileID: 0}
  m_DrawHalo: 0
  m_Flare: {fileID: 0}
  m_RenderMode: 0
  m_CullingMask:
    serializedVersion: 2
    m_Bits: 4294967295
  m_RenderingLayerMask: 1
  m_Lightmapping: 2
  m_LightShadowCasterMode: 0
  m_AreaSize: {x: 1, y: 1}
  m_BounceIntensity: 1
  m_ColorTemperature: 6570
  m_UseColorTemperature: 0
  m_BoundingSphereOverride: {x: 0, y: 0, z: 0, w: 0}
  m_UseBoundingSphereOverride: 0
  m_UseViewFrustumForShadowCasterCull: 1
  m_ShadowRadius: 0
  m_ShadowAngle: 0
--- !u!4 &705507995
Transform:
  m_ObjectHideFlags: 0
  m_CorrespondingSourceObject: {fileID: 0}
  m_PrefabInstance: {fileID: 0}
  m_PrefabAsset: {fileID: 0}
  m_GameObject: {fileID: 705507993}
  serializedVersion: 2
  m_LocalRotation: {x: 0.36599812, y: -0.45315394, z: 0.2113091, w: 0.78488564}
  m_LocalPosition: {x: 5, y: 14.92, z: -8.67}
  m_LocalScale: {x: 1, y: 1, z: 1}
  m_ConstrainProportionsScale: 0
  m_Children: []
  m_Father: {fileID: 0}
  m_LocalEulerAnglesHint: {x: 50, y: -60, z: 0}
--- !u!114 &705507996
MonoBehaviour:
  m_ObjectHideFlags: 0
  m_CorrespondingSourceObject: {fileID: 0}
  m_PrefabInstance: {fileID: 0}
  m_PrefabAsset: {fileID: 0}
  m_GameObject: {fileID: 705507993}
  m_Enabled: 1
  m_EditorHideFlags: 0
  m_Script: {fileID: 11500000, guid: 474bcb49853aa07438625e644c072ee6, type: 3}
  m_Name: 
  m_EditorClassIdentifier: 
  m_Version: 3
  m_UsePipelineSettings: 1
  m_AdditionalLightsShadowResolutionTier: 2
  m_LightLayerMask: 1
  m_RenderingLayers: 1
  m_CustomShadowLayers: 0
  m_ShadowLayerMask: 1
  m_ShadowRenderingLayers: 1
  m_LightCookieSize: {x: 1, y: 1}
  m_LightCookieOffset: {x: 0, y: 0}
  m_SoftShadowQuality: 0
--- !u!1001 &879234778
PrefabInstance:
  m_ObjectHideFlags: 0
  serializedVersion: 2
  m_Modification:
    serializedVersion: 3
    m_TransformParent: {fileID: 1073574801}
    m_Modifications:
    - target: {fileID: 3190245269156978977, guid: f9e735ffee3eb334aab7555fcdb6c47c, type: 3}
      propertyPath: m_RootOrder
      value: -1
      objectReference: {fileID: 0}
    - target: {fileID: 3190245269156978977, guid: f9e735ffee3eb334aab7555fcdb6c47c, type: 3}
      propertyPath: m_LocalScale.x
      value: 1
      objectReference: {fileID: 0}
    - target: {fileID: 3190245269156978977, guid: f9e735ffee3eb334aab7555fcdb6c47c, type: 3}
      propertyPath: m_LocalScale.z
      value: 1
      objectReference: {fileID: 0}
    - target: {fileID: 3190245269156978977, guid: f9e735ffee3eb334aab7555fcdb6c47c, type: 3}
      propertyPath: m_LocalPosition.x
      value: 259.13696
      objectReference: {fileID: 0}
    - target: {fileID: 3190245269156978977, guid: f9e735ffee3eb334aab7555fcdb6c47c, type: 3}
      propertyPath: m_LocalPosition.y
      value: 1838.6558
      objectReference: {fileID: 0}
    - target: {fileID: 3190245269156978977, guid: f9e735ffee3eb334aab7555fcdb6c47c, type: 3}
      propertyPath: m_LocalPosition.z
      value: -6600.26
      objectReference: {fileID: 0}
    - target: {fileID: 3190245269156978977, guid: f9e735ffee3eb334aab7555fcdb6c47c, type: 3}
      propertyPath: m_LocalRotation.w
      value: -0.8131269
      objectReference: {fileID: 0}
    - target: {fileID: 3190245269156978977, guid: f9e735ffee3eb334aab7555fcdb6c47c, type: 3}
      propertyPath: m_LocalRotation.x
      value: 0.038656857
      objectReference: {fileID: 0}
    - target: {fileID: 3190245269156978977, guid: f9e735ffee3eb334aab7555fcdb6c47c, type: 3}
      propertyPath: m_LocalRotation.y
      value: -0.5807328
      objectReference: {fileID: 0}
    - target: {fileID: 3190245269156978977, guid: f9e735ffee3eb334aab7555fcdb6c47c, type: 3}
      propertyPath: m_LocalRotation.z
      value: 0.008924637
      objectReference: {fileID: 0}
    - target: {fileID: 3190245269156978977, guid: f9e735ffee3eb334aab7555fcdb6c47c, type: 3}
      propertyPath: m_LocalEulerAnglesHint.x
      value: -3.009
      objectReference: {fileID: 0}
    - target: {fileID: 3190245269156978977, guid: f9e735ffee3eb334aab7555fcdb6c47c, type: 3}
      propertyPath: m_LocalEulerAnglesHint.y
      value: -288.842
      objectReference: {fileID: 0}
    - target: {fileID: 3190245269156978977, guid: f9e735ffee3eb334aab7555fcdb6c47c, type: 3}
      propertyPath: m_LocalEulerAnglesHint.z
      value: -3.411
      objectReference: {fileID: 0}
    - target: {fileID: 3899283617004651634, guid: f9e735ffee3eb334aab7555fcdb6c47c, type: 3}
      propertyPath: m_Name
      value: 3_002
      objectReference: {fileID: 0}
    - target: {fileID: 4792660477147491240, guid: f9e735ffee3eb334aab7555fcdb6c47c, type: 3}
      propertyPath: m_RootOrder
      value: 0
      objectReference: {fileID: 0}
    - target: {fileID: 4792660477147491240, guid: f9e735ffee3eb334aab7555fcdb6c47c, type: 3}
      propertyPath: m_LocalPosition.x
      value: 0
      objectReference: {fileID: 0}
    - target: {fileID: 4792660477147491240, guid: f9e735ffee3eb334aab7555fcdb6c47c, type: 3}
      propertyPath: m_LocalPosition.z
      value: 0
      objectReference: {fileID: 0}
    - target: {fileID: 4792660477147491240, guid: f9e735ffee3eb334aab7555fcdb6c47c, type: 3}
      propertyPath: m_LocalEulerAnglesHint.y
      value: 0
      objectReference: {fileID: 0}
    - target: {fileID: 6544378235478311217, guid: f9e735ffee3eb334aab7555fcdb6c47c, type: 3}
      propertyPath: m_Materials.Array.data[0]
      value: 
      objectReference: {fileID: 2100000, guid: 4e9813d6adcbc5240af13bbc79eea4c8, type: 2}
    m_RemovedComponents: []
    m_RemovedGameObjects:
    - {fileID: 6747282392823810713, guid: f9e735ffee3eb334aab7555fcdb6c47c, type: 3}
    m_AddedGameObjects: []
    m_AddedComponents: []
  m_SourcePrefab: {fileID: 100100000, guid: f9e735ffee3eb334aab7555fcdb6c47c, type: 3}
--- !u!1001 &997143950
PrefabInstance:
  m_ObjectHideFlags: 0
  serializedVersion: 2
  m_Modification:
    serializedVersion: 3
    m_TransformParent: {fileID: 1073574801}
    m_Modifications:
    - target: {fileID: 3190245269156978977, guid: f9e735ffee3eb334aab7555fcdb6c47c, type: 3}
      propertyPath: m_RootOrder
      value: -1
      objectReference: {fileID: 0}
    - target: {fileID: 3190245269156978977, guid: f9e735ffee3eb334aab7555fcdb6c47c, type: 3}
      propertyPath: m_LocalScale.x
      value: 1
      objectReference: {fileID: 0}
    - target: {fileID: 3190245269156978977, guid: f9e735ffee3eb334aab7555fcdb6c47c, type: 3}
      propertyPath: m_LocalScale.z
      value: 1
      objectReference: {fileID: 0}
    - target: {fileID: 3190245269156978977, guid: f9e735ffee3eb334aab7555fcdb6c47c, type: 3}
      propertyPath: m_LocalPosition.x
      value: -2426.1023
      objectReference: {fileID: 0}
    - target: {fileID: 3190245269156978977, guid: f9e735ffee3eb334aab7555fcdb6c47c, type: 3}
      propertyPath: m_LocalPosition.y
      value: 652.2665
      objectReference: {fileID: 0}
    - target: {fileID: 3190245269156978977, guid: f9e735ffee3eb334aab7555fcdb6c47c, type: 3}
      propertyPath: m_LocalPosition.z
      value: 3411.0542
      objectReference: {fileID: 0}
    - target: {fileID: 3190245269156978977, guid: f9e735ffee3eb334aab7555fcdb6c47c, type: 3}
      propertyPath: m_LocalRotation.w
      value: -0.9845739
      objectReference: {fileID: 0}
    - target: {fileID: 3190245269156978977, guid: f9e735ffee3eb334aab7555fcdb6c47c, type: 3}
      propertyPath: m_LocalRotation.x
      value: 0.099983454
      objectReference: {fileID: 0}
    - target: {fileID: 3190245269156978977, guid: f9e735ffee3eb334aab7555fcdb6c47c, type: 3}
      propertyPath: m_LocalRotation.y
      value: -0.14189449
      objectReference: {fileID: 0}
    - target: {fileID: 3190245269156978977, guid: f9e735ffee3eb334aab7555fcdb6c47c, type: 3}
      propertyPath: m_LocalRotation.z
      value: 0.021990772
      objectReference: {fileID: 0}
    - target: {fileID: 3190245269156978977, guid: f9e735ffee3eb334aab7555fcdb6c47c, type: 3}
      propertyPath: m_LocalEulerAnglesHint.x
      value: -10.99
      objectReference: {fileID: 0}
    - target: {fileID: 3190245269156978977, guid: f9e735ffee3eb334aab7555fcdb6c47c, type: 3}
      propertyPath: m_LocalEulerAnglesHint.y
      value: -343.195
      objectReference: {fileID: 0}
    - target: {fileID: 3190245269156978977, guid: f9e735ffee3eb334aab7555fcdb6c47c, type: 3}
      propertyPath: m_LocalEulerAnglesHint.z
      value: -4.187
      objectReference: {fileID: 0}
    - target: {fileID: 3899283617004651634, guid: f9e735ffee3eb334aab7555fcdb6c47c, type: 3}
      propertyPath: m_Name
      value: 1_002
      objectReference: {fileID: 0}
    - target: {fileID: 4792660477147491240, guid: f9e735ffee3eb334aab7555fcdb6c47c, type: 3}
      propertyPath: m_RootOrder
      value: 0
      objectReference: {fileID: 0}
    - target: {fileID: 4792660477147491240, guid: f9e735ffee3eb334aab7555fcdb6c47c, type: 3}
      propertyPath: m_LocalPosition.x
      value: 0
      objectReference: {fileID: 0}
    - target: {fileID: 4792660477147491240, guid: f9e735ffee3eb334aab7555fcdb6c47c, type: 3}
      propertyPath: m_LocalPosition.z
      value: 0
      objectReference: {fileID: 0}
    - target: {fileID: 4792660477147491240, guid: f9e735ffee3eb334aab7555fcdb6c47c, type: 3}
      propertyPath: m_LocalEulerAnglesHint.y
      value: 0
      objectReference: {fileID: 0}
    - target: {fileID: 6544378235478311217, guid: f9e735ffee3eb334aab7555fcdb6c47c, type: 3}
      propertyPath: m_Materials.Array.data[0]
      value: 
      objectReference: {fileID: 2100000, guid: 4e9813d6adcbc5240af13bbc79eea4c8, type: 2}
    m_RemovedComponents: []
    m_RemovedGameObjects:
    - {fileID: 6747282392823810713, guid: f9e735ffee3eb334aab7555fcdb6c47c, type: 3}
    m_AddedGameObjects: []
    m_AddedComponents: []
  m_SourcePrefab: {fileID: 100100000, guid: f9e735ffee3eb334aab7555fcdb6c47c, type: 3}
--- !u!4 &997143951 stripped
Transform:
  m_CorrespondingSourceObject: {fileID: 3190245269156978977, guid: f9e735ffee3eb334aab7555fcdb6c47c, type: 3}
  m_PrefabInstance: {fileID: 997143950}
  m_PrefabAsset: {fileID: 0}
--- !u!1001 &1023686785
PrefabInstance:
  m_ObjectHideFlags: 0
  serializedVersion: 2
  m_Modification:
    serializedVersion: 3
    m_TransformParent: {fileID: 0}
    m_Modifications:
    - target: {fileID: 962064517993727017, guid: 6989cafad85a85847a671e95b58426f4, type: 3}
      propertyPath: m_Name
      value: FakeAircraftVizard
      objectReference: {fileID: 0}
    - target: {fileID: 2066001195701144521, guid: 6989cafad85a85847a671e95b58426f4, type: 3}
      propertyPath: m_RootOrder
      value: 5
      objectReference: {fileID: 0}
    - target: {fileID: 2066001195701144521, guid: 6989cafad85a85847a671e95b58426f4, type: 3}
      propertyPath: m_LocalPosition.x
      value: 0
      objectReference: {fileID: 0}
    - target: {fileID: 2066001195701144521, guid: 6989cafad85a85847a671e95b58426f4, type: 3}
      propertyPath: m_LocalPosition.y
      value: 0
      objectReference: {fileID: 0}
    - target: {fileID: 2066001195701144521, guid: 6989cafad85a85847a671e95b58426f4, type: 3}
      propertyPath: m_LocalPosition.z
      value: 0
      objectReference: {fileID: 0}
    - target: {fileID: 2066001195701144521, guid: 6989cafad85a85847a671e95b58426f4, type: 3}
      propertyPath: m_LocalRotation.w
      value: 1
      objectReference: {fileID: 0}
    - target: {fileID: 2066001195701144521, guid: 6989cafad85a85847a671e95b58426f4, type: 3}
      propertyPath: m_LocalRotation.x
      value: 0
      objectReference: {fileID: 0}
    - target: {fileID: 2066001195701144521, guid: 6989cafad85a85847a671e95b58426f4, type: 3}
      propertyPath: m_LocalRotation.y
      value: 0
      objectReference: {fileID: 0}
    - target: {fileID: 2066001195701144521, guid: 6989cafad85a85847a671e95b58426f4, type: 3}
      propertyPath: m_LocalRotation.z
      value: 0
      objectReference: {fileID: 0}
    - target: {fileID: 2066001195701144521, guid: 6989cafad85a85847a671e95b58426f4, type: 3}
      propertyPath: m_LocalEulerAnglesHint.x
      value: 0
      objectReference: {fileID: 0}
    - target: {fileID: 2066001195701144521, guid: 6989cafad85a85847a671e95b58426f4, type: 3}
      propertyPath: m_LocalEulerAnglesHint.y
      value: 0
      objectReference: {fileID: 0}
    - target: {fileID: 2066001195701144521, guid: 6989cafad85a85847a671e95b58426f4, type: 3}
      propertyPath: m_LocalEulerAnglesHint.z
      value: 0
      objectReference: {fileID: 0}
    m_RemovedComponents: []
    m_RemovedGameObjects: []
    m_AddedGameObjects: []
    m_AddedComponents: []
  m_SourcePrefab: {fileID: 100100000, guid: 6989cafad85a85847a671e95b58426f4, type: 3}
--- !u!1001 &1042869984
PrefabInstance:
  m_ObjectHideFlags: 0
  serializedVersion: 2
  m_Modification:
    serializedVersion: 3
    m_TransformParent: {fileID: 1073574801}
    m_Modifications:
    - target: {fileID: 3190245269156978977, guid: f9e735ffee3eb334aab7555fcdb6c47c, type: 3}
      propertyPath: m_RootOrder
      value: -1
      objectReference: {fileID: 0}
    - target: {fileID: 3190245269156978977, guid: f9e735ffee3eb334aab7555fcdb6c47c, type: 3}
      propertyPath: m_LocalScale.x
      value: 1
      objectReference: {fileID: 0}
    - target: {fileID: 3190245269156978977, guid: f9e735ffee3eb334aab7555fcdb6c47c, type: 3}
      propertyPath: m_LocalScale.z
      value: 1
      objectReference: {fileID: 0}
    - target: {fileID: 3190245269156978977, guid: f9e735ffee3eb334aab7555fcdb6c47c, type: 3}
      propertyPath: m_LocalPosition.x
      value: -67
      objectReference: {fileID: 0}
    - target: {fileID: 3190245269156978977, guid: f9e735ffee3eb334aab7555fcdb6c47c, type: 3}
      propertyPath: m_LocalPosition.y
      value: 487.26648
      objectReference: {fileID: 0}
    - target: {fileID: 3190245269156978977, guid: f9e735ffee3eb334aab7555fcdb6c47c, type: 3}
      propertyPath: m_LocalPosition.z
      value: 2176
      objectReference: {fileID: 0}
    - target: {fileID: 3190245269156978977, guid: f9e735ffee3eb334aab7555fcdb6c47c, type: 3}
      propertyPath: m_LocalRotation.w
      value: -0.79079634
      objectReference: {fileID: 0}
    - target: {fileID: 3190245269156978977, guid: f9e735ffee3eb334aab7555fcdb6c47c, type: 3}
      propertyPath: m_LocalRotation.x
      value: -0
      objectReference: {fileID: 0}
    - target: {fileID: 3190245269156978977, guid: f9e735ffee3eb334aab7555fcdb6c47c, type: 3}
      propertyPath: m_LocalRotation.y
      value: -0.61207944
      objectReference: {fileID: 0}
    - target: {fileID: 3190245269156978977, guid: f9e735ffee3eb334aab7555fcdb6c47c, type: 3}
      propertyPath: m_LocalRotation.z
      value: -0
      objectReference: {fileID: 0}
    - target: {fileID: 3190245269156978977, guid: f9e735ffee3eb334aab7555fcdb6c47c, type: 3}
      propertyPath: m_LocalEulerAnglesHint.x
      value: 0
      objectReference: {fileID: 0}
    - target: {fileID: 3190245269156978977, guid: f9e735ffee3eb334aab7555fcdb6c47c, type: 3}
      propertyPath: m_LocalEulerAnglesHint.y
      value: -284.52
      objectReference: {fileID: 0}
    - target: {fileID: 3190245269156978977, guid: f9e735ffee3eb334aab7555fcdb6c47c, type: 3}
      propertyPath: m_LocalEulerAnglesHint.z
      value: 0
      objectReference: {fileID: 0}
    - target: {fileID: 3899283617004651634, guid: f9e735ffee3eb334aab7555fcdb6c47c, type: 3}
      propertyPath: m_Name
      value: 1_006
      objectReference: {fileID: 0}
    - target: {fileID: 4792660477147491240, guid: f9e735ffee3eb334aab7555fcdb6c47c, type: 3}
      propertyPath: m_RootOrder
      value: 0
      objectReference: {fileID: 0}
    - target: {fileID: 4792660477147491240, guid: f9e735ffee3eb334aab7555fcdb6c47c, type: 3}
      propertyPath: m_LocalPosition.x
      value: 0
      objectReference: {fileID: 0}
    - target: {fileID: 4792660477147491240, guid: f9e735ffee3eb334aab7555fcdb6c47c, type: 3}
      propertyPath: m_LocalPosition.z
      value: 0
      objectReference: {fileID: 0}
    - target: {fileID: 4792660477147491240, guid: f9e735ffee3eb334aab7555fcdb6c47c, type: 3}
      propertyPath: m_LocalEulerAnglesHint.y
      value: 0
      objectReference: {fileID: 0}
    - target: {fileID: 6544378235478311217, guid: f9e735ffee3eb334aab7555fcdb6c47c, type: 3}
      propertyPath: m_Materials.Array.data[0]
      value: 
      objectReference: {fileID: 2100000, guid: 4e9813d6adcbc5240af13bbc79eea4c8, type: 2}
    m_RemovedComponents: []
    m_RemovedGameObjects:
    - {fileID: 6747282392823810713, guid: f9e735ffee3eb334aab7555fcdb6c47c, type: 3}
    m_AddedGameObjects: []
    m_AddedComponents: []
  m_SourcePrefab: {fileID: 100100000, guid: f9e735ffee3eb334aab7555fcdb6c47c, type: 3}
--- !u!4 &1042869985 stripped
Transform:
  m_CorrespondingSourceObject: {fileID: 3190245269156978977, guid: f9e735ffee3eb334aab7555fcdb6c47c, type: 3}
  m_PrefabInstance: {fileID: 1042869984}
  m_PrefabAsset: {fileID: 0}
--- !u!1 &1073574800
GameObject:
  m_ObjectHideFlags: 0
  m_CorrespondingSourceObject: {fileID: 0}
  m_PrefabInstance: {fileID: 0}
  m_PrefabAsset: {fileID: 0}
  serializedVersion: 6
  m_Component:
  - component: {fileID: 1073574801}
  - component: {fileID: 1073574802}
  m_Layer: 0
  m_Name: Waypoints
  m_TagString: Untagged
  m_Icon: {fileID: 0}
  m_NavMeshLayer: 0
  m_StaticEditorFlags: 0
  m_IsActive: 0
--- !u!4 &1073574801
Transform:
  m_ObjectHideFlags: 0
  m_CorrespondingSourceObject: {fileID: 0}
  m_PrefabInstance: {fileID: 0}
  m_PrefabAsset: {fileID: 0}
  m_GameObject: {fileID: 1073574800}
  serializedVersion: 2
  m_LocalRotation: {x: 0, y: 0, z: 0, w: 1}
  m_LocalPosition: {x: 0, y: 0, z: 0}
  m_LocalScale: {x: 1, y: 1, z: 1}
  m_ConstrainProportionsScale: 0
  m_Children:
  - {fileID: 1557904806}
  - {fileID: 997143951}
  - {fileID: 1496971357}
  - {fileID: 399882189}
  - {fileID: 2110280542}
  - {fileID: 1042869985}
  - {fileID: 1440003798}
  - {fileID: 1101321940}
  - {fileID: 435716815}
  - {fileID: 611810375}
  - {fileID: 1835859967}
  - {fileID: 5781608}
  m_Father: {fileID: 0}
  m_LocalEulerAnglesHint: {x: 0, y: 0, z: 0}
--- !u!114 &1073574802
MonoBehaviour:
  m_ObjectHideFlags: 0
  m_CorrespondingSourceObject: {fileID: 0}
  m_PrefabInstance: {fileID: 0}
  m_PrefabAsset: {fileID: 0}
  m_GameObject: {fileID: 1073574800}
  m_Enabled: 1
  m_EditorHideFlags: 0
  m_Script: {fileID: 11500000, guid: d7a199e3709fc844a969efee61ee5643, type: 3}
  m_Name: 
  m_EditorClassIdentifier: 
--- !u!1001 &1101321939
PrefabInstance:
  m_ObjectHideFlags: 0
  serializedVersion: 2
  m_Modification:
    serializedVersion: 3
    m_TransformParent: {fileID: 1073574801}
    m_Modifications:
    - target: {fileID: 3190245269156978977, guid: f9e735ffee3eb334aab7555fcdb6c47c, type: 3}
      propertyPath: m_RootOrder
      value: -1
      objectReference: {fileID: 0}
    - target: {fileID: 3190245269156978977, guid: f9e735ffee3eb334aab7555fcdb6c47c, type: 3}
      propertyPath: m_LocalScale.x
      value: 1
      objectReference: {fileID: 0}
    - target: {fileID: 3190245269156978977, guid: f9e735ffee3eb334aab7555fcdb6c47c, type: 3}
      propertyPath: m_LocalScale.z
      value: 1
      objectReference: {fileID: 0}
    - target: {fileID: 3190245269156978977, guid: f9e735ffee3eb334aab7555fcdb6c47c, type: 3}
      propertyPath: m_LocalPosition.x
      value: 924.89777
      objectReference: {fileID: 0}
    - target: {fileID: 3190245269156978977, guid: f9e735ffee3eb334aab7555fcdb6c47c, type: 3}
      propertyPath: m_LocalPosition.y
      value: 1.2664795
      objectReference: {fileID: 0}
    - target: {fileID: 3190245269156978977, guid: f9e735ffee3eb334aab7555fcdb6c47c, type: 3}
      propertyPath: m_LocalPosition.z
      value: -1653.9458
      objectReference: {fileID: 0}
    - target: {fileID: 3190245269156978977, guid: f9e735ffee3eb334aab7555fcdb6c47c, type: 3}
      propertyPath: m_LocalRotation.w
      value: -0.79079634
      objectReference: {fileID: 0}
    - target: {fileID: 3190245269156978977, guid: f9e735ffee3eb334aab7555fcdb6c47c, type: 3}
      propertyPath: m_LocalRotation.x
      value: -0
      objectReference: {fileID: 0}
    - target: {fileID: 3190245269156978977, guid: f9e735ffee3eb334aab7555fcdb6c47c, type: 3}
      propertyPath: m_LocalRotation.y
      value: -0.61207944
      objectReference: {fileID: 0}
    - target: {fileID: 3190245269156978977, guid: f9e735ffee3eb334aab7555fcdb6c47c, type: 3}
      propertyPath: m_LocalRotation.z
      value: -0
      objectReference: {fileID: 0}
    - target: {fileID: 3190245269156978977, guid: f9e735ffee3eb334aab7555fcdb6c47c, type: 3}
      propertyPath: m_LocalEulerAnglesHint.x
      value: 0
      objectReference: {fileID: 0}
    - target: {fileID: 3190245269156978977, guid: f9e735ffee3eb334aab7555fcdb6c47c, type: 3}
      propertyPath: m_LocalEulerAnglesHint.y
      value: -284.52
      objectReference: {fileID: 0}
    - target: {fileID: 3190245269156978977, guid: f9e735ffee3eb334aab7555fcdb6c47c, type: 3}
      propertyPath: m_LocalEulerAnglesHint.z
      value: 0
      objectReference: {fileID: 0}
    - target: {fileID: 3899283617004651634, guid: f9e735ffee3eb334aab7555fcdb6c47c, type: 3}
      propertyPath: m_Name
      value: 1_008
      objectReference: {fileID: 0}
    - target: {fileID: 4792660477147491240, guid: f9e735ffee3eb334aab7555fcdb6c47c, type: 3}
      propertyPath: m_RootOrder
      value: 0
      objectReference: {fileID: 0}
    - target: {fileID: 4792660477147491240, guid: f9e735ffee3eb334aab7555fcdb6c47c, type: 3}
      propertyPath: m_LocalPosition.x
      value: 0
      objectReference: {fileID: 0}
    - target: {fileID: 4792660477147491240, guid: f9e735ffee3eb334aab7555fcdb6c47c, type: 3}
      propertyPath: m_LocalPosition.z
      value: 0
      objectReference: {fileID: 0}
    - target: {fileID: 4792660477147491240, guid: f9e735ffee3eb334aab7555fcdb6c47c, type: 3}
      propertyPath: m_LocalEulerAnglesHint.y
      value: 0
      objectReference: {fileID: 0}
    - target: {fileID: 6544378235478311217, guid: f9e735ffee3eb334aab7555fcdb6c47c, type: 3}
      propertyPath: m_Materials.Array.data[0]
      value: 
      objectReference: {fileID: 2100000, guid: 4e9813d6adcbc5240af13bbc79eea4c8, type: 2}
    m_RemovedComponents: []
    m_RemovedGameObjects:
    - {fileID: 6747282392823810713, guid: f9e735ffee3eb334aab7555fcdb6c47c, type: 3}
    m_AddedGameObjects: []
    m_AddedComponents: []
  m_SourcePrefab: {fileID: 100100000, guid: f9e735ffee3eb334aab7555fcdb6c47c, type: 3}
--- !u!4 &1101321940 stripped
Transform:
  m_CorrespondingSourceObject: {fileID: 3190245269156978977, guid: f9e735ffee3eb334aab7555fcdb6c47c, type: 3}
  m_PrefabInstance: {fileID: 1101321939}
  m_PrefabAsset: {fileID: 0}
--- !u!1001 &1440003797
PrefabInstance:
  m_ObjectHideFlags: 0
  serializedVersion: 2
  m_Modification:
    serializedVersion: 3
    m_TransformParent: {fileID: 1073574801}
    m_Modifications:
    - target: {fileID: 3190245269156978977, guid: f9e735ffee3eb334aab7555fcdb6c47c, type: 3}
      propertyPath: m_RootOrder
      value: -1
      objectReference: {fileID: 0}
    - target: {fileID: 3190245269156978977, guid: f9e735ffee3eb334aab7555fcdb6c47c, type: 3}
      propertyPath: m_LocalScale.x
      value: 1
      objectReference: {fileID: 0}
    - target: {fileID: 3190245269156978977, guid: f9e735ffee3eb334aab7555fcdb6c47c, type: 3}
      propertyPath: m_LocalScale.z
      value: 1
      objectReference: {fileID: 0}
    - target: {fileID: 3190245269156978977, guid: f9e735ffee3eb334aab7555fcdb6c47c, type: 3}
      propertyPath: m_LocalPosition.x
      value: 393.89777
      objectReference: {fileID: 0}
    - target: {fileID: 3190245269156978977, guid: f9e735ffee3eb334aab7555fcdb6c47c, type: 3}
      propertyPath: m_LocalPosition.y
      value: 1.2664795
      objectReference: {fileID: 0}
    - target: {fileID: 3190245269156978977, guid: f9e735ffee3eb334aab7555fcdb6c47c, type: 3}
      propertyPath: m_LocalPosition.z
      value: 396.0542
      objectReference: {fileID: 0}
    - target: {fileID: 3190245269156978977, guid: f9e735ffee3eb334aab7555fcdb6c47c, type: 3}
      propertyPath: m_LocalRotation.w
      value: -0.79079634
      objectReference: {fileID: 0}
    - target: {fileID: 3190245269156978977, guid: f9e735ffee3eb334aab7555fcdb6c47c, type: 3}
      propertyPath: m_LocalRotation.x
      value: -0
      objectReference: {fileID: 0}
    - target: {fileID: 3190245269156978977, guid: f9e735ffee3eb334aab7555fcdb6c47c, type: 3}
      propertyPath: m_LocalRotation.y
      value: -0.61207944
      objectReference: {fileID: 0}
    - target: {fileID: 3190245269156978977, guid: f9e735ffee3eb334aab7555fcdb6c47c, type: 3}
      propertyPath: m_LocalRotation.z
      value: -0
      objectReference: {fileID: 0}
    - target: {fileID: 3190245269156978977, guid: f9e735ffee3eb334aab7555fcdb6c47c, type: 3}
      propertyPath: m_LocalEulerAnglesHint.x
      value: 0
      objectReference: {fileID: 0}
    - target: {fileID: 3190245269156978977, guid: f9e735ffee3eb334aab7555fcdb6c47c, type: 3}
      propertyPath: m_LocalEulerAnglesHint.y
      value: -284.52
      objectReference: {fileID: 0}
    - target: {fileID: 3190245269156978977, guid: f9e735ffee3eb334aab7555fcdb6c47c, type: 3}
      propertyPath: m_LocalEulerAnglesHint.z
      value: 0
      objectReference: {fileID: 0}
    - target: {fileID: 3899283617004651634, guid: f9e735ffee3eb334aab7555fcdb6c47c, type: 3}
      propertyPath: m_Name
      value: 1_007
      objectReference: {fileID: 0}
    - target: {fileID: 4792660477147491240, guid: f9e735ffee3eb334aab7555fcdb6c47c, type: 3}
      propertyPath: m_RootOrder
      value: 0
      objectReference: {fileID: 0}
    - target: {fileID: 4792660477147491240, guid: f9e735ffee3eb334aab7555fcdb6c47c, type: 3}
      propertyPath: m_LocalPosition.x
      value: 0
      objectReference: {fileID: 0}
    - target: {fileID: 4792660477147491240, guid: f9e735ffee3eb334aab7555fcdb6c47c, type: 3}
      propertyPath: m_LocalPosition.z
      value: 0
      objectReference: {fileID: 0}
    - target: {fileID: 4792660477147491240, guid: f9e735ffee3eb334aab7555fcdb6c47c, type: 3}
      propertyPath: m_LocalEulerAnglesHint.y
      value: 0
      objectReference: {fileID: 0}
    - target: {fileID: 6544378235478311217, guid: f9e735ffee3eb334aab7555fcdb6c47c, type: 3}
      propertyPath: m_Materials.Array.data[0]
      value: 
      objectReference: {fileID: 2100000, guid: 4e9813d6adcbc5240af13bbc79eea4c8, type: 2}
    m_RemovedComponents: []
    m_RemovedGameObjects:
    - {fileID: 6747282392823810713, guid: f9e735ffee3eb334aab7555fcdb6c47c, type: 3}
    m_AddedGameObjects: []
    m_AddedComponents: []
  m_SourcePrefab: {fileID: 100100000, guid: f9e735ffee3eb334aab7555fcdb6c47c, type: 3}
--- !u!4 &1440003798 stripped
Transform:
  m_CorrespondingSourceObject: {fileID: 3190245269156978977, guid: f9e735ffee3eb334aab7555fcdb6c47c, type: 3}
  m_PrefabInstance: {fileID: 1440003797}
  m_PrefabAsset: {fileID: 0}
--- !u!1001 &1496971356
PrefabInstance:
  m_ObjectHideFlags: 0
  serializedVersion: 2
  m_Modification:
    serializedVersion: 3
    m_TransformParent: {fileID: 1073574801}
    m_Modifications:
    - target: {fileID: 3190245269156978977, guid: f9e735ffee3eb334aab7555fcdb6c47c, type: 3}
      propertyPath: m_RootOrder
      value: -1
      objectReference: {fileID: 0}
    - target: {fileID: 3190245269156978977, guid: f9e735ffee3eb334aab7555fcdb6c47c, type: 3}
      propertyPath: m_LocalScale.x
      value: 1
      objectReference: {fileID: 0}
    - target: {fileID: 3190245269156978977, guid: f9e735ffee3eb334aab7555fcdb6c47c, type: 3}
      propertyPath: m_LocalScale.z
      value: 1
      objectReference: {fileID: 0}
    - target: {fileID: 3190245269156978977, guid: f9e735ffee3eb334aab7555fcdb6c47c, type: 3}
      propertyPath: m_LocalPosition.x
      value: -1289.9446
      objectReference: {fileID: 0}
    - target: {fileID: 3190245269156978977, guid: f9e735ffee3eb334aab7555fcdb6c47c, type: 3}
      propertyPath: m_LocalPosition.y
      value: 543.9789
      objectReference: {fileID: 0}
    - target: {fileID: 3190245269156978977, guid: f9e735ffee3eb334aab7555fcdb6c47c, type: 3}
      propertyPath: m_LocalPosition.z
      value: 3073.8333
      objectReference: {fileID: 0}
    - target: {fileID: 3190245269156978977, guid: f9e735ffee3eb334aab7555fcdb6c47c, type: 3}
      propertyPath: m_LocalRotation.w
      value: -0.9693431
      objectReference: {fileID: 0}
    - target: {fileID: 3190245269156978977, guid: f9e735ffee3eb334aab7555fcdb6c47c, type: 3}
      propertyPath: m_LocalRotation.x
      value: 0.09257034
      objectReference: {fileID: 0}
    - target: {fileID: 3190245269156978977, guid: f9e735ffee3eb334aab7555fcdb6c47c, type: 3}
      propertyPath: m_LocalRotation.y
      value: -0.22712128
      objectReference: {fileID: 0}
    - target: {fileID: 3190245269156978977, guid: f9e735ffee3eb334aab7555fcdb6c47c, type: 3}
      propertyPath: m_LocalRotation.z
      value: 0.014854582
      objectReference: {fileID: 0}
    - target: {fileID: 3190245269156978977, guid: f9e735ffee3eb334aab7555fcdb6c47c, type: 3}
      propertyPath: m_LocalEulerAnglesHint.x
      value: -9.946
      objectReference: {fileID: 0}
    - target: {fileID: 3190245269156978977, guid: f9e735ffee3eb334aab7555fcdb6c47c, type: 3}
      propertyPath: m_LocalEulerAnglesHint.y
      value: -333.267
      objectReference: {fileID: 0}
    - target: {fileID: 3190245269156978977, guid: f9e735ffee3eb334aab7555fcdb6c47c, type: 3}
      propertyPath: m_LocalEulerAnglesHint.z
      value: -4.125
      objectReference: {fileID: 0}
    - target: {fileID: 3899283617004651634, guid: f9e735ffee3eb334aab7555fcdb6c47c, type: 3}
      propertyPath: m_Name
      value: 1_003
      objectReference: {fileID: 0}
    - target: {fileID: 4792660477147491240, guid: f9e735ffee3eb334aab7555fcdb6c47c, type: 3}
      propertyPath: m_RootOrder
      value: 0
      objectReference: {fileID: 0}
    - target: {fileID: 4792660477147491240, guid: f9e735ffee3eb334aab7555fcdb6c47c, type: 3}
      propertyPath: m_LocalPosition.x
      value: 0
      objectReference: {fileID: 0}
    - target: {fileID: 4792660477147491240, guid: f9e735ffee3eb334aab7555fcdb6c47c, type: 3}
      propertyPath: m_LocalPosition.z
      value: 0
      objectReference: {fileID: 0}
    - target: {fileID: 4792660477147491240, guid: f9e735ffee3eb334aab7555fcdb6c47c, type: 3}
      propertyPath: m_LocalEulerAnglesHint.y
      value: 0
      objectReference: {fileID: 0}
    - target: {fileID: 6544378235478311217, guid: f9e735ffee3eb334aab7555fcdb6c47c, type: 3}
      propertyPath: m_Materials.Array.data[0]
      value: 
      objectReference: {fileID: 2100000, guid: 4e9813d6adcbc5240af13bbc79eea4c8, type: 2}
    m_RemovedComponents: []
    m_RemovedGameObjects:
    - {fileID: 6747282392823810713, guid: f9e735ffee3eb334aab7555fcdb6c47c, type: 3}
    m_AddedGameObjects: []
    m_AddedComponents: []
  m_SourcePrefab: {fileID: 100100000, guid: f9e735ffee3eb334aab7555fcdb6c47c, type: 3}
--- !u!4 &1496971357 stripped
Transform:
  m_CorrespondingSourceObject: {fileID: 3190245269156978977, guid: f9e735ffee3eb334aab7555fcdb6c47c, type: 3}
  m_PrefabInstance: {fileID: 1496971356}
  m_PrefabAsset: {fileID: 0}
--- !u!1001 &1557904805
PrefabInstance:
  m_ObjectHideFlags: 0
  serializedVersion: 2
  m_Modification:
    serializedVersion: 3
    m_TransformParent: {fileID: 1073574801}
    m_Modifications:
    - target: {fileID: 3190245269156978977, guid: f9e735ffee3eb334aab7555fcdb6c47c, type: 3}
      propertyPath: m_RootOrder
      value: -1
      objectReference: {fileID: 0}
    - target: {fileID: 3190245269156978977, guid: f9e735ffee3eb334aab7555fcdb6c47c, type: 3}
      propertyPath: m_LocalScale.x
      value: 1
      objectReference: {fileID: 0}
    - target: {fileID: 3190245269156978977, guid: f9e735ffee3eb334aab7555fcdb6c47c, type: 3}
      propertyPath: m_LocalScale.z
      value: 1
      objectReference: {fileID: 0}
    - target: {fileID: 3190245269156978977, guid: f9e735ffee3eb334aab7555fcdb6c47c, type: 3}
      propertyPath: m_LocalPosition.x
      value: -6733.102
      objectReference: {fileID: 0}
    - target: {fileID: 3190245269156978977, guid: f9e735ffee3eb334aab7555fcdb6c47c, type: 3}
      propertyPath: m_LocalPosition.y
      value: 974.2665
      objectReference: {fileID: 0}
    - target: {fileID: 3190245269156978977, guid: f9e735ffee3eb334aab7555fcdb6c47c, type: 3}
      propertyPath: m_LocalPosition.z
      value: 4647.054
      objectReference: {fileID: 0}
    - target: {fileID: 3190245269156978977, guid: f9e735ffee3eb334aab7555fcdb6c47c, type: 3}
      propertyPath: m_LocalRotation.w
      value: -0.9845739
      objectReference: {fileID: 0}
    - target: {fileID: 3190245269156978977, guid: f9e735ffee3eb334aab7555fcdb6c47c, type: 3}
      propertyPath: m_LocalRotation.x
      value: 0.099983454
      objectReference: {fileID: 0}
    - target: {fileID: 3190245269156978977, guid: f9e735ffee3eb334aab7555fcdb6c47c, type: 3}
      propertyPath: m_LocalRotation.y
      value: -0.14189449
      objectReference: {fileID: 0}
    - target: {fileID: 3190245269156978977, guid: f9e735ffee3eb334aab7555fcdb6c47c, type: 3}
      propertyPath: m_LocalRotation.z
      value: 0.021990772
      objectReference: {fileID: 0}
    - target: {fileID: 3190245269156978977, guid: f9e735ffee3eb334aab7555fcdb6c47c, type: 3}
      propertyPath: m_LocalEulerAnglesHint.x
      value: -10.99
      objectReference: {fileID: 0}
    - target: {fileID: 3190245269156978977, guid: f9e735ffee3eb334aab7555fcdb6c47c, type: 3}
      propertyPath: m_LocalEulerAnglesHint.y
      value: -343.195
      objectReference: {fileID: 0}
    - target: {fileID: 3190245269156978977, guid: f9e735ffee3eb334aab7555fcdb6c47c, type: 3}
      propertyPath: m_LocalEulerAnglesHint.z
      value: -4.187
      objectReference: {fileID: 0}
    - target: {fileID: 3899283617004651634, guid: f9e735ffee3eb334aab7555fcdb6c47c, type: 3}
      propertyPath: m_Name
      value: 1_001
      objectReference: {fileID: 0}
    - target: {fileID: 4792660477147491240, guid: f9e735ffee3eb334aab7555fcdb6c47c, type: 3}
      propertyPath: m_RootOrder
      value: 0
      objectReference: {fileID: 0}
    - target: {fileID: 4792660477147491240, guid: f9e735ffee3eb334aab7555fcdb6c47c, type: 3}
      propertyPath: m_LocalPosition.x
      value: 0
      objectReference: {fileID: 0}
    - target: {fileID: 4792660477147491240, guid: f9e735ffee3eb334aab7555fcdb6c47c, type: 3}
      propertyPath: m_LocalPosition.z
      value: 0
      objectReference: {fileID: 0}
    - target: {fileID: 4792660477147491240, guid: f9e735ffee3eb334aab7555fcdb6c47c, type: 3}
      propertyPath: m_LocalEulerAnglesHint.y
      value: 0
      objectReference: {fileID: 0}
    - target: {fileID: 6544378235478311217, guid: f9e735ffee3eb334aab7555fcdb6c47c, type: 3}
      propertyPath: m_Materials.Array.data[0]
      value: 
      objectReference: {fileID: 2100000, guid: 4e9813d6adcbc5240af13bbc79eea4c8, type: 2}
    m_RemovedComponents: []
    m_RemovedGameObjects:
    - {fileID: 6747282392823810713, guid: f9e735ffee3eb334aab7555fcdb6c47c, type: 3}
    m_AddedGameObjects: []
    m_AddedComponents: []
  m_SourcePrefab: {fileID: 100100000, guid: f9e735ffee3eb334aab7555fcdb6c47c, type: 3}
--- !u!4 &1557904806 stripped
Transform:
  m_CorrespondingSourceObject: {fileID: 3190245269156978977, guid: f9e735ffee3eb334aab7555fcdb6c47c, type: 3}
  m_PrefabInstance: {fileID: 1557904805}
  m_PrefabAsset: {fileID: 0}
--- !u!1001 &1812244371
PrefabInstance:
  m_ObjectHideFlags: 0
  serializedVersion: 2
  m_Modification:
    serializedVersion: 3
    m_TransformParent: {fileID: 1073574801}
    m_Modifications:
    - target: {fileID: 3190245269156978977, guid: f9e735ffee3eb334aab7555fcdb6c47c, type: 3}
      propertyPath: m_RootOrder
      value: -1
      objectReference: {fileID: 0}
    - target: {fileID: 3190245269156978977, guid: f9e735ffee3eb334aab7555fcdb6c47c, type: 3}
      propertyPath: m_LocalScale.x
      value: 1
      objectReference: {fileID: 0}
    - target: {fileID: 3190245269156978977, guid: f9e735ffee3eb334aab7555fcdb6c47c, type: 3}
      propertyPath: m_LocalScale.z
      value: 1
      objectReference: {fileID: 0}
    - target: {fileID: 3190245269156978977, guid: f9e735ffee3eb334aab7555fcdb6c47c, type: 3}
      propertyPath: m_LocalPosition.x
      value: -3921.937
      objectReference: {fileID: 0}
    - target: {fileID: 3190245269156978977, guid: f9e735ffee3eb334aab7555fcdb6c47c, type: 3}
      propertyPath: m_LocalPosition.y
      value: 2602.9414
      objectReference: {fileID: 0}
    - target: {fileID: 3190245269156978977, guid: f9e735ffee3eb334aab7555fcdb6c47c, type: 3}
      propertyPath: m_LocalPosition.z
      value: 5525.786
      objectReference: {fileID: 0}
    - target: {fileID: 3190245269156978977, guid: f9e735ffee3eb334aab7555fcdb6c47c, type: 3}
      propertyPath: m_LocalRotation.w
      value: -0.8131269
      objectReference: {fileID: 0}
    - target: {fileID: 3190245269156978977, guid: f9e735ffee3eb334aab7555fcdb6c47c, type: 3}
      propertyPath: m_LocalRotation.x
      value: 0.038656857
      objectReference: {fileID: 0}
    - target: {fileID: 3190245269156978977, guid: f9e735ffee3eb334aab7555fcdb6c47c, type: 3}
      propertyPath: m_LocalRotation.y
      value: -0.5807328
      objectReference: {fileID: 0}
    - target: {fileID: 3190245269156978977, guid: f9e735ffee3eb334aab7555fcdb6c47c, type: 3}
      propertyPath: m_LocalRotation.z
      value: 0.008924637
      objectReference: {fileID: 0}
    - target: {fileID: 3190245269156978977, guid: f9e735ffee3eb334aab7555fcdb6c47c, type: 3}
      propertyPath: m_LocalEulerAnglesHint.x
      value: -3.009
      objectReference: {fileID: 0}
    - target: {fileID: 3190245269156978977, guid: f9e735ffee3eb334aab7555fcdb6c47c, type: 3}
      propertyPath: m_LocalEulerAnglesHint.y
      value: -288.842
      objectReference: {fileID: 0}
    - target: {fileID: 3190245269156978977, guid: f9e735ffee3eb334aab7555fcdb6c47c, type: 3}
      propertyPath: m_LocalEulerAnglesHint.z
      value: -3.411
      objectReference: {fileID: 0}
    - target: {fileID: 3899283617004651634, guid: f9e735ffee3eb334aab7555fcdb6c47c, type: 3}
      propertyPath: m_Name
      value: 3_001
      objectReference: {fileID: 0}
    - target: {fileID: 4792660477147491240, guid: f9e735ffee3eb334aab7555fcdb6c47c, type: 3}
      propertyPath: m_RootOrder
      value: 0
      objectReference: {fileID: 0}
    - target: {fileID: 4792660477147491240, guid: f9e735ffee3eb334aab7555fcdb6c47c, type: 3}
      propertyPath: m_LocalPosition.x
      value: 0
      objectReference: {fileID: 0}
    - target: {fileID: 4792660477147491240, guid: f9e735ffee3eb334aab7555fcdb6c47c, type: 3}
      propertyPath: m_LocalPosition.z
      value: 0
      objectReference: {fileID: 0}
    - target: {fileID: 4792660477147491240, guid: f9e735ffee3eb334aab7555fcdb6c47c, type: 3}
      propertyPath: m_LocalEulerAnglesHint.y
      value: 0
      objectReference: {fileID: 0}
    - target: {fileID: 6544378235478311217, guid: f9e735ffee3eb334aab7555fcdb6c47c, type: 3}
      propertyPath: m_Materials.Array.data[0]
      value: 
      objectReference: {fileID: 2100000, guid: 4e9813d6adcbc5240af13bbc79eea4c8, type: 2}
    m_RemovedComponents: []
    m_RemovedGameObjects:
    - {fileID: 6747282392823810713, guid: f9e735ffee3eb334aab7555fcdb6c47c, type: 3}
    m_AddedGameObjects: []
    m_AddedComponents: []
  m_SourcePrefab: {fileID: 100100000, guid: f9e735ffee3eb334aab7555fcdb6c47c, type: 3}
--- !u!4 &1835859967 stripped
Transform:
  m_CorrespondingSourceObject: {fileID: 3190245269156978977, guid: f9e735ffee3eb334aab7555fcdb6c47c, type: 3}
  m_PrefabInstance: {fileID: 1812244371}
  m_PrefabAsset: {fileID: 0}
--- !u!1001 &2110280541
PrefabInstance:
  m_ObjectHideFlags: 0
  serializedVersion: 2
  m_Modification:
    serializedVersion: 3
    m_TransformParent: {fileID: 1073574801}
    m_Modifications:
    - target: {fileID: 3190245269156978977, guid: f9e735ffee3eb334aab7555fcdb6c47c, type: 3}
      propertyPath: m_RootOrder
      value: -1
      objectReference: {fileID: 0}
    - target: {fileID: 3190245269156978977, guid: f9e735ffee3eb334aab7555fcdb6c47c, type: 3}
      propertyPath: m_LocalScale.x
      value: 1
      objectReference: {fileID: 0}
    - target: {fileID: 3190245269156978977, guid: f9e735ffee3eb334aab7555fcdb6c47c, type: 3}
      propertyPath: m_LocalScale.z
      value: 1
      objectReference: {fileID: 0}
    - target: {fileID: 3190245269156978977, guid: f9e735ffee3eb334aab7555fcdb6c47c, type: 3}
      propertyPath: m_LocalPosition.x
      value: -214.75433
      objectReference: {fileID: 0}
    - target: {fileID: 3190245269156978977, guid: f9e735ffee3eb334aab7555fcdb6c47c, type: 3}
      propertyPath: m_LocalPosition.y
      value: 477.9947
      objectReference: {fileID: 0}
    - target: {fileID: 3190245269156978977, guid: f9e735ffee3eb334aab7555fcdb6c47c, type: 3}
      propertyPath: m_LocalPosition.z
      value: 2457.1738
      objectReference: {fileID: 0}
    - target: {fileID: 3190245269156978977, guid: f9e735ffee3eb334aab7555fcdb6c47c, type: 3}
      propertyPath: m_LocalRotation.w
      value: -0.91905606
      objectReference: {fileID: 0}
    - target: {fileID: 3190245269156978977, guid: f9e735ffee3eb334aab7555fcdb6c47c, type: 3}
      propertyPath: m_LocalRotation.x
      value: 0.007949816
      objectReference: {fileID: 0}
    - target: {fileID: 3190245269156978977, guid: f9e735ffee3eb334aab7555fcdb6c47c, type: 3}
      propertyPath: m_LocalRotation.y
      value: -0.39374316
      objectReference: {fileID: 0}
    - target: {fileID: 3190245269156978977, guid: f9e735ffee3eb334aab7555fcdb6c47c, type: 3}
      propertyPath: m_LocalRotation.z
      value: 0.015462723
      objectReference: {fileID: 0}
    - target: {fileID: 3190245269156978977, guid: f9e735ffee3eb334aab7555fcdb6c47c, type: 3}
      propertyPath: m_LocalEulerAnglesHint.x
      value: -0.14
      objectReference: {fileID: 0}
    - target: {fileID: 3190245269156978977, guid: f9e735ffee3eb334aab7555fcdb6c47c, type: 3}
      propertyPath: m_LocalEulerAnglesHint.y
      value: -313.615
      objectReference: {fileID: 0}
    - target: {fileID: 3190245269156978977, guid: f9e735ffee3eb334aab7555fcdb6c47c, type: 3}
      propertyPath: m_LocalEulerAnglesHint.z
      value: -1.988
      objectReference: {fileID: 0}
    - target: {fileID: 3899283617004651634, guid: f9e735ffee3eb334aab7555fcdb6c47c, type: 3}
      propertyPath: m_Name
      value: 1_005
      objectReference: {fileID: 0}
    - target: {fileID: 4792660477147491240, guid: f9e735ffee3eb334aab7555fcdb6c47c, type: 3}
      propertyPath: m_RootOrder
      value: 0
      objectReference: {fileID: 0}
    - target: {fileID: 4792660477147491240, guid: f9e735ffee3eb334aab7555fcdb6c47c, type: 3}
      propertyPath: m_LocalPosition.x
      value: 0
      objectReference: {fileID: 0}
    - target: {fileID: 4792660477147491240, guid: f9e735ffee3eb334aab7555fcdb6c47c, type: 3}
      propertyPath: m_LocalPosition.z
      value: 0
      objectReference: {fileID: 0}
    - target: {fileID: 4792660477147491240, guid: f9e735ffee3eb334aab7555fcdb6c47c, type: 3}
      propertyPath: m_LocalEulerAnglesHint.y
      value: 0
      objectReference: {fileID: 0}
    - target: {fileID: 6544378235478311217, guid: f9e735ffee3eb334aab7555fcdb6c47c, type: 3}
      propertyPath: m_Materials.Array.data[0]
      value: 
      objectReference: {fileID: 2100000, guid: 4e9813d6adcbc5240af13bbc79eea4c8, type: 2}
    m_RemovedComponents: []
    m_RemovedGameObjects:
    - {fileID: 6747282392823810713, guid: f9e735ffee3eb334aab7555fcdb6c47c, type: 3}
    m_AddedGameObjects: []
    m_AddedComponents: []
  m_SourcePrefab: {fileID: 100100000, guid: f9e735ffee3eb334aab7555fcdb6c47c, type: 3}
--- !u!4 &2110280542 stripped
Transform:
  m_CorrespondingSourceObject: {fileID: 3190245269156978977, guid: f9e735ffee3eb334aab7555fcdb6c47c, type: 3}
  m_PrefabInstance: {fileID: 2110280541}
  m_PrefabAsset: {fileID: 0}
--- !u!1001 &211135900046652545
PrefabInstance:
  m_ObjectHideFlags: 0
  serializedVersion: 2
  m_Modification:
    serializedVersion: 3
    m_TransformParent: {fileID: 0}
    m_Modifications:
    - target: {fileID: 309775412995447372, guid: 0405264e457067449ae69d3201dca307, type: 3}
      propertyPath: m_IsActive
      value: 1
      objectReference: {fileID: 0}
    - target: {fileID: 717620838587917748, guid: 0405264e457067449ae69d3201dca307, type: 3}
      propertyPath: m_IsActive
      value: 1
      objectReference: {fileID: 0}
    - target: {fileID: 949240550310761187, guid: 0405264e457067449ae69d3201dca307, type: 3}
      propertyPath: m_IsActive
      value: 1
      objectReference: {fileID: 0}
    - target: {fileID: 1025762005151285981, guid: 0405264e457067449ae69d3201dca307, type: 3}
      propertyPath: m_IsActive
      value: 1
      objectReference: {fileID: 0}
    - target: {fileID: 1322430867111772109, guid: 0405264e457067449ae69d3201dca307, type: 3}
      propertyPath: m_IsActive
      value: 1
      objectReference: {fileID: 0}
    - target: {fileID: 1533174189347084251, guid: 0405264e457067449ae69d3201dca307, type: 3}
      propertyPath: m_IsActive
      value: 1
      objectReference: {fileID: 0}
    - target: {fileID: 1782908453345657579, guid: 0405264e457067449ae69d3201dca307, type: 3}
      propertyPath: m_IsActive
      value: 1
      objectReference: {fileID: 0}
    - target: {fileID: 2470234974929943134, guid: 0405264e457067449ae69d3201dca307, type: 3}
      propertyPath: m_IsActive
      value: 1
      objectReference: {fileID: 0}
    - target: {fileID: 2773338782464686174, guid: 0405264e457067449ae69d3201dca307, type: 3}
      propertyPath: m_IsActive
      value: 0
      objectReference: {fileID: 0}
    - target: {fileID: 2919902778052836010, guid: 0405264e457067449ae69d3201dca307, type: 3}
      propertyPath: m_IsActive
      value: 1
      objectReference: {fileID: 0}
    - target: {fileID: 3226772290222931583, guid: 0405264e457067449ae69d3201dca307, type: 3}
      propertyPath: m_IsActive
      value: 1
      objectReference: {fileID: 0}
    - target: {fileID: 3629686851627011855, guid: 0405264e457067449ae69d3201dca307, type: 3}
      propertyPath: m_IsActive
      value: 0
      objectReference: {fileID: 0}
    - target: {fileID: 4012204158564790051, guid: 0405264e457067449ae69d3201dca307, type: 3}
      propertyPath: m_IsActive
      value: 1
      objectReference: {fileID: 0}
    - target: {fileID: 4147270566902746386, guid: 0405264e457067449ae69d3201dca307, type: 3}
      propertyPath: m_IsActive
      value: 1
      objectReference: {fileID: 0}
    - target: {fileID: 4153697514734240107, guid: 0405264e457067449ae69d3201dca307, type: 3}
      propertyPath: m_IsActive
      value: 1
      objectReference: {fileID: 0}
    - target: {fileID: 4305382773015018311, guid: 0405264e457067449ae69d3201dca307, type: 3}
      propertyPath: m_IsActive
      value: 1
      objectReference: {fileID: 0}
    - target: {fileID: 4570304533749885584, guid: 0405264e457067449ae69d3201dca307, type: 3}
      propertyPath: m_IsActive
      value: 1
      objectReference: {fileID: 0}
    - target: {fileID: 4650042510417214349, guid: 0405264e457067449ae69d3201dca307, type: 3}
      propertyPath: m_IsActive
      value: 1
      objectReference: {fileID: 0}
    - target: {fileID: 4810424487007623370, guid: 0405264e457067449ae69d3201dca307, type: 3}
      propertyPath: m_IsActive
      value: 1
      objectReference: {fileID: 0}
    - target: {fileID: 4939897760957741914, guid: 0405264e457067449ae69d3201dca307, type: 3}
      propertyPath: m_IsActive
      value: 1
      objectReference: {fileID: 0}
    - target: {fileID: 5108747233167321497, guid: 0405264e457067449ae69d3201dca307, type: 3}
      propertyPath: m_IsActive
      value: 1
      objectReference: {fileID: 0}
    - target: {fileID: 5114725869509322209, guid: 0405264e457067449ae69d3201dca307, type: 3}
      propertyPath: m_IsActive
      value: 1
      objectReference: {fileID: 0}
    - target: {fileID: 5452811869063373371, guid: 0405264e457067449ae69d3201dca307, type: 3}
      propertyPath: m_IsActive
      value: 1
      objectReference: {fileID: 0}
    - target: {fileID: 5712340176957100173, guid: 0405264e457067449ae69d3201dca307, type: 3}
      propertyPath: m_IsActive
      value: 1
      objectReference: {fileID: 0}
    - target: {fileID: 5859493581912250974, guid: 0405264e457067449ae69d3201dca307, type: 3}
      propertyPath: m_Name
      value: AlaskaTedStevensIntlAirportGeoslice
      objectReference: {fileID: 0}
    - target: {fileID: 5859493581912250974, guid: 0405264e457067449ae69d3201dca307, type: 3}
      propertyPath: m_IsActive
      value: 1
      objectReference: {fileID: 0}
    - target: {fileID: 6060511429049835183, guid: 0405264e457067449ae69d3201dca307, type: 3}
      propertyPath: m_IsActive
      value: 1
      objectReference: {fileID: 0}
    - target: {fileID: 6492724956546187492, guid: 0405264e457067449ae69d3201dca307, type: 3}
      propertyPath: m_RootOrder
      value: 2
      objectReference: {fileID: 0}
    - target: {fileID: 6492724956546187492, guid: 0405264e457067449ae69d3201dca307, type: 3}
      propertyPath: m_LocalPosition.x
      value: 0
      objectReference: {fileID: 0}
    - target: {fileID: 6492724956546187492, guid: 0405264e457067449ae69d3201dca307, type: 3}
      propertyPath: m_LocalPosition.y
      value: 0
      objectReference: {fileID: 0}
    - target: {fileID: 6492724956546187492, guid: 0405264e457067449ae69d3201dca307, type: 3}
      propertyPath: m_LocalPosition.z
      value: 0
      objectReference: {fileID: 0}
    - target: {fileID: 6492724956546187492, guid: 0405264e457067449ae69d3201dca307, type: 3}
      propertyPath: m_LocalRotation.w
      value: 1
      objectReference: {fileID: 0}
    - target: {fileID: 6492724956546187492, guid: 0405264e457067449ae69d3201dca307, type: 3}
      propertyPath: m_LocalRotation.x
      value: 0
      objectReference: {fileID: 0}
    - target: {fileID: 6492724956546187492, guid: 0405264e457067449ae69d3201dca307, type: 3}
      propertyPath: m_LocalRotation.y
      value: 0
      objectReference: {fileID: 0}
    - target: {fileID: 6492724956546187492, guid: 0405264e457067449ae69d3201dca307, type: 3}
      propertyPath: m_LocalRotation.z
      value: 0
      objectReference: {fileID: 0}
    - target: {fileID: 6492724956546187492, guid: 0405264e457067449ae69d3201dca307, type: 3}
      propertyPath: m_LocalEulerAnglesHint.x
      value: 0
      objectReference: {fileID: 0}
    - target: {fileID: 6492724956546187492, guid: 0405264e457067449ae69d3201dca307, type: 3}
      propertyPath: m_LocalEulerAnglesHint.y
      value: 0
      objectReference: {fileID: 0}
    - target: {fileID: 6492724956546187492, guid: 0405264e457067449ae69d3201dca307, type: 3}
      propertyPath: m_LocalEulerAnglesHint.z
      value: 0
      objectReference: {fileID: 0}
    - target: {fileID: 7170286031991588307, guid: 0405264e457067449ae69d3201dca307, type: 3}
      propertyPath: m_IsActive
      value: 1
      objectReference: {fileID: 0}
    - target: {fileID: 7639122549789325911, guid: 0405264e457067449ae69d3201dca307, type: 3}
      propertyPath: m_IsActive
      value: 1
      objectReference: {fileID: 0}
    - target: {fileID: 7657097510226537404, guid: 0405264e457067449ae69d3201dca307, type: 3}
      propertyPath: m_IsActive
      value: 1
      objectReference: {fileID: 0}
    - target: {fileID: 8155194448559408689, guid: 0405264e457067449ae69d3201dca307, type: 3}
      propertyPath: m_IsActive
      value: 1
      objectReference: {fileID: 0}
    - target: {fileID: 8655783756014606022, guid: 0405264e457067449ae69d3201dca307, type: 3}
      propertyPath: m_IsActive
      value: 1
      objectReference: {fileID: 0}
    - target: {fileID: 8711412543481408365, guid: 0405264e457067449ae69d3201dca307, type: 3}
      propertyPath: m_IsActive
      value: 1
      objectReference: {fileID: 0}
    - target: {fileID: 8923709077554277929, guid: 0405264e457067449ae69d3201dca307, type: 3}
      propertyPath: m_IsActive
      value: 1
      objectReference: {fileID: 0}
    m_RemovedComponents: []
    m_RemovedGameObjects:
    - {fileID: 6544083282072828402, guid: 0405264e457067449ae69d3201dca307, type: 3}
    - {fileID: 6735449481102307683, guid: 0405264e457067449ae69d3201dca307, type: 3}
    m_AddedGameObjects: []
    m_AddedComponents: []
  m_SourcePrefab: {fileID: 100100000, guid: 0405264e457067449ae69d3201dca307, type: 3}
--- !u!1001 &2295695912815265616
PrefabInstance:
  m_ObjectHideFlags: 0
  serializedVersion: 2
  m_Modification:
    serializedVersion: 3
    m_TransformParent: {fileID: 0}
    m_Modifications:
    - target: {fileID: 6427666771183740334, guid: cf06361a323d4f94abc7b1e73e489ded, type: 3}
      propertyPath: m_LocalPosition.x
      value: 0
      objectReference: {fileID: 0}
    - target: {fileID: 6427666771183740334, guid: cf06361a323d4f94abc7b1e73e489ded, type: 3}
      propertyPath: m_LocalPosition.y
      value: 879
      objectReference: {fileID: 0}
    - target: {fileID: 6427666771183740334, guid: cf06361a323d4f94abc7b1e73e489ded, type: 3}
      propertyPath: m_LocalPosition.z
      value: -4197
      objectReference: {fileID: 0}
    - target: {fileID: 6427666771183740334, guid: cf06361a323d4f94abc7b1e73e489ded, type: 3}
      propertyPath: m_LocalRotation.w
      value: 1
      objectReference: {fileID: 0}
    - target: {fileID: 6427666771183740334, guid: cf06361a323d4f94abc7b1e73e489ded, type: 3}
      propertyPath: m_LocalRotation.x
      value: 0
      objectReference: {fileID: 0}
    - target: {fileID: 6427666771183740334, guid: cf06361a323d4f94abc7b1e73e489ded, type: 3}
      propertyPath: m_LocalRotation.y
      value: 0
      objectReference: {fileID: 0}
    - target: {fileID: 6427666771183740334, guid: cf06361a323d4f94abc7b1e73e489ded, type: 3}
      propertyPath: m_LocalRotation.z
      value: 0
      objectReference: {fileID: 0}
    - target: {fileID: 6427666771183740334, guid: cf06361a323d4f94abc7b1e73e489ded, type: 3}
      propertyPath: m_LocalEulerAnglesHint.x
      value: 0
      objectReference: {fileID: 0}
    - target: {fileID: 6427666771183740334, guid: cf06361a323d4f94abc7b1e73e489ded, type: 3}
      propertyPath: m_LocalEulerAnglesHint.y
      value: 0
      objectReference: {fileID: 0}
    - target: {fileID: 6427666771183740334, guid: cf06361a323d4f94abc7b1e73e489ded, type: 3}
      propertyPath: m_LocalEulerAnglesHint.z
      value: 0
      objectReference: {fileID: 0}
    - target: {fileID: 6585153328784748919, guid: cf06361a323d4f94abc7b1e73e489ded, type: 3}
      propertyPath: m_Name
      value: Ghost
      objectReference: {fileID: 0}
    m_RemovedComponents: []
    m_RemovedGameObjects: []
    m_AddedGameObjects: []
    m_AddedComponents: []
  m_SourcePrefab: {fileID: 100100000, guid: cf06361a323d4f94abc7b1e73e489ded, type: 3}
--- !u!1660057539 &9223372036854775807
SceneRoots:
  m_ObjectHideFlags: 0
  m_Roots:
  - {fileID: 705507995}
  - {fileID: 211135900046652545}
  - {fileID: 1073574801}
  - {fileID: 210274792}
  - {fileID: 1023686785}
  - {fileID: 605582875}
  - {fileID: 2295695912815265616}
